<record><leader>00000cas a2200000 a 4500</leader><controlfield tag="001">21488509</controlfield><controlfield tag="008">900507c19479999nyuwr ne      0    0eng c</controlfield><datafield ind1=" " ind2=" " tag="010"><subfield code="a">sn 90066145 </subfield></datafield><datafield ind1=" " ind2=" " tag="040"><subfield code="a">NYG</subfield><subfield code="b">eng</subfield><subfield code="c">NYG</subfield><subfield code="d">NYS</subfield><subfield code="d">OCLCQ</subfield><subfield code="d">NYS</subfield><subfield code="d">OCLCQ</subfield><subfield code="d">OCLCO</subfield></datafield><datafield ind1="1" ind2=" " tag="029"><subfield code="a">AU@</subfield><subfield code="b">000020609203</subfield></datafield><datafield ind1=" " ind2=" " tag="037"><subfield code="b">Sag Harbor Express, Main Street, Sag Harbor, N.Y., 11963</subfield></datafield><datafield ind1=" " ind2=" " tag="042"><subfield code="a">pcc</subfield></datafield><datafield ind1=" " ind2=" " tag="043"><subfield code="a">n-us-ny</subfield></datafield><datafield ind1="0" ind2="0" tag="245"><subfield code="a">Sag Harbor express.</subfield></datafield><datafield ind1="1" ind2=" " tag="246"><subfield code="i">Other title appears in masthead:</subfield><subfield code="a">Sag Harbor express combined with the news and the corrector</subfield><subfield code="f">1947-1988</subfield></datafield><datafield ind1="1" ind2=" " tag="246"><subfield code="i">Includes section:</subfield><subfield code="a">Shelter Islander</subfield><subfield code="f">Oct. 3, 1968-&lt;Dec. 30, 1981&gt;</subfield></datafield><datafield ind1=" " ind2=" " tag="260"><subfield code="a">Sag Harbor, Long Island, N.Y. :</subfield><subfield code="b">Sag Harbor Pub. Co.,</subfield><subfield code="c">1947-</subfield></datafield><datafield ind1=" " ind2=" " tag="300"><subfield code="a">v.</subfield></datafield><datafield ind1=" " ind2=" " tag="310"><subfield code="a">Weekly</subfield></datafield><datafield ind1="0" ind2=" " tag="362"><subfield code="a">Vol. 86, no. 28 (Apr. 17, 1947)-</subfield></datafield><datafield ind1=" " ind2=" " tag="500"><subfield code="a">"Official newspaper of the Village of Sag Harbor and the Towns of Southampton and the Village of North Haven," &lt;1986&gt;.</subfield></datafield><datafield ind1=" " ind2=" " tag="500"><subfield code="a">"Republican."</subfield></datafield><datafield ind1=" " ind2=" " tag="500"><subfield code="a">Publisher: Gardner (Pat)--Cowles, 1988-</subfield></datafield><datafield ind1=" " ind2="0" tag="651"><subfield code="a">Sag Harbor (N.Y.)</subfield><subfield code="v">Newspapers.</subfield></datafield><datafield ind1=" " ind2="0" tag="651"><subfield code="a">Southampton (N.Y. : Town)</subfield><subfield code="v">Newspapers.</subfield></datafield><datafield ind1=" " ind2="0" tag="651"><subfield code="a">Suffolk County (N.Y.)</subfield><subfield code="v">Newsapers.</subfield></datafield><datafield ind1=" " ind2="4" tag="651"><subfield code="a">North Haven (N.Y.)</subfield><subfield code="v">Newspapers.</subfield></datafield><datafield ind1=" " ind2=" " tag="752"><subfield code="a">United States</subfield><subfield code="b">New York</subfield><subfield code="c">Suffolk</subfield><subfield code="d">Sag Harbor.</subfield></datafield><datafield ind1="0" ind2="0" tag="780"><subfield code="t">Sag Harbor express and the news and the corrector</subfield><subfield code="w">(DLC)sn 85054481</subfield><subfield code="w">(OCoLC)12041030</subfield></datafield></record>